@article{strengthcasepairprog,  
    author={Williams, L.},
    title={Strengthening the case for pair programming},
    journal={IEEE Software},
    year={2000},
    volume={17},
    number={4},
    pages={19-25},
    doi={10.1109/52.854064}
}

@misc{monitoringmaturitymodel,
    author = "J. Turnbull",
    title = "Reactive",
    year = "2015 [Online]",
    howpublished = "A Monitoring Maturity Model",
    url = "https://www.kartar.net/2015/01/a-monitoring-maturity-model/",
    note = "last accessed 27/5/2022"
}

@misc{trunkdev,
  author        = "P. Hammant",
  title         = "Introduction",
  year          = "2020 [Online]",
  howpublished  = "Trunk Based Development", 
  url           = "https://trunkbaseddevelopment.com/#one-line-summary",
  note          = "last accessed 27/05/2022"
}

@incollection{devopshandbook,
  author        = {Humble, J.},
  title         = "Part I - The Three Ways",
  booktitle     = "The DevOps Handbook: How to Create World-Class Agility, Reliability, and Security in Technology Organizations",
  publisher     = "IT Revolution Press",
  address       = "Portland, OR, USA",
  year          = "2016",
}